@book{Goasdasd,
	title={Uczenie sieci neuronowych za pomocÄ… Scykit-Learning i TensorFlow},
	author={Arurien Geron},
	publisher={MIT Press},
	year={2016}
}